<record xmlns:xsi="http://www.w3.org/2001/XMLSchema-instance" xmlns="http://www.loc.gov/MARC21/slim" xsi:schemaLocation="http://www.loc.gov/MARC21/slim http://www.loc.gov/standards/marcxml/schema/MARC21slim.xsd">

  <leader>00588nam a2200181Ia 4500</leader>
  <datafield ind1=" " ind2=" " tag="999">
    <subfield code="c">1978</subfield>
    <subfield code="d">1978</subfield>
  </datafield>
  <controlfield tag="008">180703b1985    cr ||||| |||| 00| | spa d</controlfield>
  <datafield ind2=" " ind1=" " tag="090">
    <subfield code="a">06.05.04</subfield>
    <subfield code="b"> 116</subfield>
  </datafield>
  <datafield tag="100" ind2=" " ind1=" ">
    <subfield code="a">Pereira Pérez, Zulay</subfield>
    <subfield code="9">2902</subfield>
  </datafield>
  <datafield ind1="1" ind2="0" tag="245">
    <subfield code="a">Desarrollo del juicio moral en el niño / </subfield>
    <subfield code="c">Zulay Pereira Pérez; Zayra Méndez Barrantes</subfield>
  </datafield>
  <datafield tag="260" ind2=" " ind1=" ">
    <subfield code="a">San José, Costa Rica : </subfield>
    <subfield code="b">IIMEC, </subfield>
    <subfield code="c">1985</subfield>
  </datafield>
  <datafield ind1=" " ind2=" " tag="300">
    <subfield code="a">13 páginas</subfield>
  </datafield>
  <datafield ind1="1" ind2="4" tag="650">
    <subfield code="a">DESARROLLO DEL NIÑO</subfield>
    <subfield code="9">723</subfield>
  </datafield>
  <datafield ind2="4" ind1="1" tag="650">
    <subfield code="a">DESARROLLO AFECTIVO</subfield>
    <subfield code="9">876</subfield>
  </datafield>
  <datafield ind2="4" ind1="1" tag="650">
    <subfield code="a">PERSONALIDAD</subfield>
    <subfield code="9">1790</subfield>
  </datafield>
  <datafield ind2="4" ind1="1" tag="650">
    <subfield code="a">EDUCACIÓN</subfield>
    <subfield code="9">1</subfield>
  </datafield>
  <datafield ind1=" " ind2=" " tag="700">
    <subfield code="a">Méndez Barrantes, Zayra</subfield>
    <subfield code="9">2957</subfield>
  </datafield>
  <datafield tag="942" ind2=" " ind1=" ">
    <subfield code="2">z</subfield>
    <subfield code="c">04</subfield>
  </datafield>
</record>